@misc{taylor-series,
  author = {Wikipedia},
  title = {Taylor Series},
  howpublished = {\url{https://en.wikipedia.org/wiki/Taylor_series}},
}

@misc{newton-method,
  author = {Wikipedia},
  title = {Newton's Method},
  howpublished = {\url{https://en.wikipedia.org/wiki/Newton\%27s_method}},
}

@article{sin-franklin1974computing,
  author = {Franklin, Gene F. and Powell, David J.},
  title = {Computing the Sine Function Using the Taylor Series},
  journal = {Proceedings of the IEEE},
  volume = {62},
  number = {6},
  pages = {1112--1113},
  year = {1974}
}

@book{sin-proakis2007digital,
  author = {Proakis, John G. and Manolakis, Dimitris G.},
  title = {Digital Signal Processing: Principles, Algorithms, and Applications},
  edition = {4th},
  publisher = {Pearson},
  year = {2007},
  chapter = {9},
  pages = {641--683},
  address = {Upper Saddle River, NJ}
}

@book{cos-press2007numerical,
  author = {Press, William H. and Teukolsky, Saul A. and Vetterling, William T. and Flannery, Brian P.},
  title = {Numerical Recipes 3rd Edition: The Art of Scientific Computing},
  edition = {3rd},
  publisher = {Cambridge University Press},
  year = {2007},
  chapter = {5.2},
  address = {New York, NY}
}

@book{cos-abramowitz1964handbook,
  author = {Abramowitz, Milton and Stegun, Irene},
  title = {Handbook of Mathematical Functions with Formulas, Graphs, and Mathematical Tables},
  publisher = {National Bureau of Standards},
  year = {1964},
  address = {Washington, DC}
}

@article{cos-marcum1969evaluation,
  author = {Marcum, S. A. M.},
  title = {Evaluation of the Sine and Cosine Integrals},
  journal = {Journal of Research of the National Bureau of Standards},
  volume = {73C},
  number = {1},
  pages = {11--18},
  year = {1969}
}

@misc{pi-weissteinpi,
  author = {Weisstein, Eric W.},
  title = {Pi Formulas},
  howpublished = {\url{https://mathworld.wolfram.com/PiFormulas.html}},
}

@misc{pi-wikipediapi,
  author = {Wikipedia},
  title = {Computing Pi},
  howpublished = {\url{https://en.wikipedia.org/wiki/Computing_\%CF\%80}},
}

@misc{pi-rosettacodepi,
  author = {Rosetta Code},
  title = {Methods of Computing Pi},
  howpublished = {\url{https://rosettacode.org/wiki/Methods_of_computing_pi}},
}

@misc{pi-leibniz,
  author = {Proof Wiki},
  title = {Leibniz's formula for Pi},
  howpublished = {\url{https://proofwiki.org/wiki/Leibniz's_Formula_for_Pi}},
}



